<?xml version="1.0" encoding="UTF-8"?><collection xmlns="http://www.loc.gov/MARC21/slim"><record><leader>00437nam--2200169-i-4500</leader><controlfield tag="001">000027160</controlfield><controlfield tag="002">20161230</controlfield><controlfield tag="005">20170102002107</controlfield><controlfield tag="008">060222s1000------------r-----000-0-eng-d</controlfield><datafield ind1=" " ind2=" " tag="080"><subfield code="a">621.039.83:616-07</subfield></datafield><datafield ind1=" " ind2=" " tag="100"><subfield code="a">King, E. R</subfield></datafield><datafield ind1=" " ind2=" " tag="245"><subfield code="a">A manual for nuclear medicine</subfield></datafield><datafield ind1=" " ind2=" " tag="260"><subfield code="a">Springfield-Illinois</subfield><subfield code="b">Charles C. Thomas Publ</subfield><subfield code="c">1963</subfield></datafield><datafield ind1=" " ind2=" " tag="300"><subfield code="a">X+406p</subfield></datafield><datafield ind1=" " ind2=" " tag="700"><subfield code="a">Mitchell, T. G</subfield></datafield><datafield ind1=" " ind2=" " tag="852"><subfield code="a">17105</subfield></datafield><datafield ind1=" " ind2=" " tag="CAT"><subfield code="a">SYS</subfield><subfield code="c">20170102</subfield><subfield code="h">002107</subfield></datafield></record></collection>